@book{
    Mayor2018,
    ISBN = {9780691183510},
    URL = {http://www.jstor.org/stable/j.ctvc779xn},
    author = {Adrienne Mayor},
    publisher = {Princeton University Press},
    title = {Gods and Robots: Myths, Machines, and Ancient Dreams of Technology},
    year = {2018}
}

@article{
    Turing1950_ComputingMachineryAndIntelligence,
    url = {https://doi.org/10.1093/mind/lix.236.433},
    year = {1950},
    month = oct,
    publisher = {Oxford University Press ({OUP})},
    volume = {{LIX}},
    number = {236},
    pages = {433--460},
    author = {Alan M. Turing},
    title = {Computing Machinery and Intelligence},
    journal = {Mind}
}

@book{
    Newquist1994,
    ISBN = {0672304120},
    URL = {https://www.amazon.com/Brain-Makers-HP-Newquist/dp/0672304120},
    author = {H.P. Newquist},
    publisher = {Sams},
    title = {The Brain Makers},
    year = {1994}
}

@book{
    Crevier1993,
    title = {AI: The Tumultuous Search for Artificial Intelligence},
    year = {1993},
    ISBN = {0465029973},
    URL = {https://www.researchgate.net/publication/233820788_AI_The_Tumultuous_History_of_the_Search_for_Artificial_Intelligence},
    author = {Daniel Crevier},
    publisher = {BasicBooks}
}

@article{
    Schmidhuber2015,
    title = {Deep learning in neural networks: An overview},
    doi = {10.1016/j.neunet.2014.09.003},
    year = {2015},
    month = jan,
    publisher = {Elsevier {BV}},
    volume = {61},
    pages = {85--117},
    author = {J\"{u}rgen Schmidhuber},
    journal = {Neural Networks}
}

@article{
    LeCun2015,
    doi = {10.1038/nature14539},
    year = {2015},
    month = may,
    publisher = {Springer Science and Business Media {LLC}},
    volume = {521},
    number = {7553},
    pages = {436--444},
    author = {Yann LeCun and Yoshua Bengio and Geoffrey Hinton},
    title = {Deep learning},
    journal = {Nature}
}

@inproceedings{
    SivaKumar2020,
    doi = {10.1109/spw50608.2020.00028},
    year = {2020},
    month = may,
    publisher = {{IEEE}},
    author = {Ram Shankar Siva Kumar and Magnus Nystrom and John Lambert and Andrew Marshall and Mario Goertzel and Andi Comissoneru and Matt Swann and Sharon Xia},
    title = {Adversarial Machine Learning-Industry Perspectives},
    booktitle = {2020 {IEEE} Security and Privacy Workshops ({SPW})}
}

@article{
    Hutson2018_ReproducibilityCrisis,
    title = {Artificial intelligence faces reproducibility crisis},
    author = {Matthew Hutson},
    doi = {10.1126/science.359.6377.725},
    year = {2018},
    month = feb,
    publisher = {American Association for the Advancement of Science ({AAAS})},
    volume = {359},
    number = {6377},
    pages = {725--726},
    journal = {Science}
}

@article{
    Kapoor2023,
    title = {Leakage and the reproducibility crisis in machine-learning-based science},
    author = {Sayash Kapoor and Arvind Narayanan},
    doi = {10.1016/j.patter.2023.100804},
    year = {2023},
    month = aug,
    publisher = {Elsevier {BV}},
    journal = {Patterns}
}

@misc{
    Thompson2020,
    doi = {10.48550/ARXIV.2007.05558},
    author = {Neil C. Thompson and Kristjan Greenewald and Keeheon Lee and Gabriel F. Manso},
    keywords = {Machine Learning (cs.LG),  Machine Learning (stat.ML),  FOS: Computer and information sciences,  FOS: Computer and information sciences},
    title = {The Computational Limits of Deep Learning},
    publisher = {arXiv},
    year = {2020}
}

@article{
    Paullada2021,
    doi = {10.1016/j.patter.2021.100336},
    year = {2021},
    month = nov,
    publisher = {Elsevier {BV}},
    volume = {2},
    number = {11},
    pages = {100336},
    author = {Amandalynne Paullada and Inioluwa Deborah Raji and Emily M. Bender and Emily Denton and Alex Hanna},
    title = {Data and its (dis)contents: A survey of dataset development and use in machine learning research},
    journal = {Patterns}
}

@inproceedings{
    Bender2021,
    doi = {10.1145/3442188.3445922},
    year = {2021},
    month = mar,
    publisher = {{ACM}},
    author = {Emily M. Bender and Timnit Gebru and Angelina McMillan-Major and Shmargaret Shmitchell},
    title = {On the Dangers of Stochastic Parrots},
    booktitle = {Proceedings of the 2021 {ACM} Conference on Fairness,  Accountability,  and Transparency}
}

@misc{
    Turing1951_IntelligentMachineryLecture,
    title = {Intelligent machinery, a heretical theory},
    url = {https://turingarchive.kings.cam.ac.uk/publications-lectures-and-talks-amtb/amt-b-4},
    author = {Alan M. Turing},
    year = {1951}
}

@misc{
    Turing1951_CanDigitalComputersThink,
    title = {Can Digital Computers Think?},
    url = {https://turingarchive.kings.cam.ac.uk/publications-lectures-and-talks-amtb/amt-b-5},
    author = {Alan M. Turing},
    year = {1951}
}

@article{
    Castelvecchi2016,
    doi = {10.1038/538020a},
    year = {2016},
    month = oct,
    publisher = {Springer Science and Business Media {LLC}},
    volume = {538},
    number = {7623},
    pages = {20--23},
    author = {Davide Castelvecchi},
    title = {Can we open the black box of {AI}?},
    journal = {Nature}
}

@article{
    Sample2017,
    author = {Ian Sample},
    date = {2017-11-05},
    title = {Computer says no: why making AIs fair, accountable and transparent is crucial},
    journal = {The Guardian},
    url = {https://www.theguardian.com/science/2017/nov/05/computer-says-no-why-making-ais-fair-accountable-and-transparent-is-crucial},
    urldate = {2023-07-22}
}

@article{
    Hutson2018_MachineLearningIsAlchemy,
    url = {https://doi.org/10.1126/science.aau0577},
    urldate = {2023-06-02},
    year = {2018},
    month = may,
    publisher = {American Association for the Advancement of Science ({AAAS})},
    author = {Matthew Hutson},
    title = {{AI} researchers allege that machine learning is alchemy},
    journal = {Science}
}

@misc{
    Sculley2018_WinnersCurse,
    title = {Winner's Curse?  On Pace, Progress, and Empirical Rigor},
    author = {D. Sculley and Jasper Snoek and Alex Wiltschko and Ali Rahimi},
    year = {2018},
    url = {https://openreview.net/forum?id=rJWF0Fywf}
}

@article{
    Hilbert1902_MathematicalProblems,
    url = {https://doi.org/10.1090/s0002-9904-1902-00923-3},
    year = {1902},
    publisher = {American Mathematical Society ({AMS})},
    volume = {8},
    number = {10},
    pages = {437--479},
    author = {David Hilbert},
    title = {Mathematical problems},
    journal = {Bulletin of the American Mathematical Society}
}

@book{
    Hilbert1967,
    doi = {10.1007/978-3-662-00049-6},
    year = {1967},
    publisher = {Springer Berlin Heidelberg},
    author = {D. Hilbert and W. Ackermann},
    title = {Grundz\"{u}ge der theoretischen Logik}
}

@article{
    Turing1936,
    author = {Alan Turing},
    doi = {10.2307/2268810},
    journal = {Proceedings of the London Mathematical Society},
	number = {1},
	pages = {230--265},
	publisher = {Association for Symbolic Logic},
	title = {On Computable Numbers, with an Application to the Entscheidungsproblem},
    volume = {42},
	year = {1936}
}

@book{
    Homer2011,
    title = {Computability and Complexity Theory},
    author = {Steven Homer and Alan L. Selman},
    publisher = {Springer},
    series = {Texts in computer science},
    edition = 2,
    month = dec,
    year = 2011,
    address = {New York, NY},
    language = {en}
}

@article{
    Gödel1931,
    doi = {10.1007/bf01700692},
    url = {https://doi.org/10.1007/bf01700692},
    year = {1931},
    month = dec,
    publisher = {Springer Science and Business Media {LLC}},
    volume = {38-38},
    number = {1},
    pages = {173--198},
    author = {Kurt Gödel},
    title = {Über formal unentscheidbare Sätze der Principia Mathematica und verwandter Systeme I},
    journal = {Monatshefte für Mathematik und Physik}
}

@online{
    Sardina2012_TM,
    author = {Sebastian Sardina},
    title = {Example: Turing Machine},
    date = {2012-02-18},
    url = {https://texample.net/tikz/examples/turing-machine-2/},
    urldate = {2023-08-02}
}

@article{
    Hartmanis1965,
    doi = {10.1090/s0002-9947-1965-0170805-7},
    year = {1965},
    publisher = {American Mathematical Society ({AMS})},
    volume = {117},
    number = {0},
    pages = {285--306},
    author = {J. Hartmanis and R. E. Stearns},
    title = {On the computational complexity of algorithms},
    journal = {Transactions of the American Mathematical Society}
}

@book{
    Kahneman2011,
    title={Thinking, Fast and Slow},
    author={Daniel Kahneman},
    publisher={Farrar, Straus and Giroux},
    year={2011},
    month={10},
    day={25},
    date={2011-10-25},
    edition={Hardcover},
    language={English},
    pages={512},
    isbn={978-0374275631}
}

@report{
    NewelSimon1961,
    author = {A. Newell and H. A. Simon},
    title = {GPS, A Program that Simulates Human Thought},
    institution = {RAND Corporation},
    year = {1961},
    url = {https://iiif.library.cmu.edu/file/Simon_box00064_fld04907_bdl0001_doc0001/Simon_box00064_fld04907_bdl0001_doc0001.pdf},
    urldate = {2023-08-23}
}

@report{Lighthill1973,
    author = {James Lighthill},
    title = {Artificial Intelligence: A General Survey},
    institution = {Science Research Council},
    journal = {Artificial Intelligence: A paper symposium},
    year = {1973},
    url = {http://www.chilton-computing.org.uk/inf/literature/reports/lighthill_report/p001.htm},
    urldate = {2023-08-28}
}

@book{
    Goodfellow2016,
    title = {Deep Learning},
    author = {Ian Goodfellow and Yoshua Bengio and Aaron Courville},
    publisher = {The MIT Press},
    isbn = {978-0262035613},
    url = {https://www.deeplearningbook.org},
    year = {2016}
}

@book{
    Chapelle2006,
    author = {Olivier Chapelle and Bernhard Sch\"{o}lkopf and Alexander Zien},
    title = {Semi-Supervised Learning (Adaptive Computation and Machine Learning)},
    year = {2006},
    isbn = {0262033585},
    publisher = {The MIT Press}
}

@inproceedings{
    Abbeel2004,
    doi = {10.1145/1015330.1015430},
    year = {2004},
    publisher = {{ACM} Press},
    author = {Pieter Abbeel and Andrew Y. Ng},
    title = {Apprenticeship learning via inverse reinforcement learning},
    booktitle = {Twenty-first international conference on Machine learning  - {ICML} {\textquotesingle}04}
}

@article{
    Solomonoff1964_PartI,
    url = {https://doi.org/10.1016/s0019-9958(64)90223-2},
    year = {1964},
    month = mar,
    publisher = {Elsevier {BV}},
    volume = {7},
    number = {1},
    pages = {1--22},
    author = {Ray Solomonoff},
    title = {A formal theory of inductive inference. Part I},
    journal = {Information and Control}
}

@article{
    Solomonoff1964_PartII,
    url = {https://doi.org/10.1016/s0019-9958(64)90131-7},
    year = {1964},
    month = jun,
    publisher = {Elsevier {BV}},
    volume = {7},
    number = {2},
    pages = {224--254},
    author = {Ray Solomonoff},
    title = {A formal theory of inductive inference. Part {II}},
    journal = {Information and Control}
}

@Article{
    Rathmanner2011,
    author = {Samuel Rathmanner and Marcus Hutter},
    title = {A Philosophical Treatise of Universal Induction},
    journal = {Entropy},
    volume = {13},
    year = {2011},
    number = {6},
    pages = {1076--1136},
    url = {https://www.mdpi.com/1099-4300/13/6/1076},
    issn = {1099-4300},
    doi = {10.3390/e13061076}
}

@article{
    Solomonoff1999,
    url = {https://doi.org/10.1093/comjnl/42.4.256},
    year = {1999},
    month = apr,
    publisher = {Oxford University Press ({OUP})},
    volume = {42},
    number = {4},
    pages = {256--259},
    author = {Ray Solomonoff},
    title = {Two Kinds of Probabilistic Induction},
    journal = {The Computer Journal}
}

@article{
    Gold1967,
    url = {https://doi.org/10.1016/s0019-9958(67)91165-5},
    year = {1967},
    month = may,
    publisher = {Elsevier {BV}},
    volume = {10},
    number = {5},
    pages = {447--474},
    author = {E. Mark Gold},
    title = {Language identification in the limit},
    journal = {Information and Control}
}

@inproceedings{
    Vapnik1991,
    author = {Vladimir Vapnik},
    title = {Principles of Risk Minimization for Learning Theory},
    year = {1991},
    isbn = {1558602224},
    publisher = {Morgan Kaufmann Publishers Inc.},
    address = {San Francisco, CA, USA},
    booktitle = {Proceedings of the 4th International Conference on Neural Information Processing Systems},
    pages = {831–838},
    numpages = {8},
    location = {Denver, Colorado},
    series = {NIPS '91}
}

@article{
    AdamsNobel2010,
    ISSN = {00911798},
    URL = {http://www.jstor.org/stable/20744119},
    author = {Terrence M. Adams and Andrew B. Nobel},
    journal = {The Annals of Probability},
    number = {4},
    pages = {1345--1367},
    publisher = {Institute of Mathematical Statistics},
    title = {Uniform Convergence of Vapnik-Chervonenkis Classes Under Ergodic Sampling},
    urldate = {2023-09-05},
    volume = {38},
    year = {2010}
}

@book{
    Devroye1996,
    doi = {10.1007/978-1-4612-0711-5},
    year = {1996},
    publisher = {Springer New York},
    author = {Luc Devroye and L{\'{a}}szl{\'{o}} Gy\"{o}rfi and G{\'{a}}bor Lugosi},
    title = {A Probabilistic Theory of Pattern Recognition}
}

@book{
    Pollard1984,
    doi = {10.1007/978-1-4612-5254-2},
    year = {1984},
    publisher = {Springer New York},
    author = {David Pollard},
    title = {Convergence of Stochastic Processes}
}

@article{
    Valiant1984,
    url = {https://doi.org/10.1145/1968.1972},
    year = {1984},
    month = nov,
    publisher = {Association for Computing Machinery ({ACM})},
    volume = {27},
    number = {11},
    pages = {1134--1142},
    author = {Leslie G. Valiant},
    title = {A theory of the learnable},
    journal = {Communications of the {ACM}}
}

@book{
    Mohri2018,
    isbn = {9780262039406},
    url = {https://mitpress.mit.edu/9780262039406/foundations-of-machine-learning/},
    year = {2018},
    month = dec,
    day = 25,
    publisher = {The MIT Press},
    author = {Mehryar Mohri and Afshin Rostamizadeh and Ameet Talwalkar},
    title = {Foundations of Machine Learning},
    edition = {2}
}

@incollection{
    Denis1997,
    doi = {10.1007/3-540-63577-7_40},
    year = {1997},
    publisher = {Springer Berlin Heidelberg},
    pages = {132--145},
    author = {Fran{\c{c}}ois Denis and R{\'{e}}mi Gilleron},
    title = {{PAC} learning under helpful distributions},
    booktitle = {Lecture Notes in Computer Science}
}

@inproceedings{
    Cullina2018,
    author = {Daniel Cullina and Arjun Nitin Bhagoji and Prateek Mittal},
    title = {PAC-Learning in the Presence of Evasion Adversaries},
    year = {2018},
    publisher = {Curran Associates Inc.},
    address = {Red Hook, NY, USA},
    booktitle = {Proceedings of the 32nd International Conference on Neural Information Processing Systems},
    pages = {228–239},
    numpages = {12},
    location = {Montr\'{e}al, Canada},
    series = {NIPS'18}
}

@article{
    Schapire1990,
    url = {http://rob.schapire.net/papers/strengthofweak.pdf},
    year = {1990},
    month = jun,
    publisher = {Springer Science and Business Media {LLC}},
    volume = {5},
    number = {2},
    pages = {197--227},
    author = {Robert E. Schapire},
    title = {The strength of weak learnability},
    journal = {Machine Learning}
}

@incollection{
    Freund1995,
    doi = {10.1007/3-540-59119-2_166},
    year = {1995},
    publisher = {Springer Berlin Heidelberg},
    pages = {23--37},
    author = {Yoav Freund and Robert E. Schapire},
    title = {A decision-theoretic generalization of on-line learning and an application to boosting},
    booktitle = {Lecture Notes in Computer Science}
}

@misc{
    Schapire2018,
    author = {Rob Schapire},
    title = {COS 511: Theoretical Machine Learning - Lecture Notes},
    month = feb,
    year = {2018},
    publisher={Princeton University}
}

@book{
    RusselNorvig2020,
    isbn = {978-0134610993},
    url = {https://aima.cs.berkeley.edu/},
    year = {2020},
    month = apr,
    day = 28,
    publisher = {Pearson},
    author = {Stuart Russel and Peter Norvig},
    title = {Artificial Intelligence: A Modern Approach},
    edition = {4}
}

@article{
    Hilbert1904_Part1,
    author = {David Hilbert},
    journal = {Nachrichten von der Gesellschaft der Wissenschaften zu Göttingen, Mathematisch-Physikalische Klasse},
    language = {ger},
    pages = {49-91},
    title = {Grundzüge einer allgeminen Theorie der linaren Integralrechnungen. (Erste Mitteilung)},
    url = {http://eudml.org/doc/58572},
    year = {1904}
}

@article{
    Hilbert1904_Part2,
    author = {David Hilbert},
    journal = {Nachrichten von der Gesellschaft der Wissenschaften zu Göttingen, Mathematisch-Physikalische Klasse},
    language = {ger},
    pages = {213-260},
    title = {Grundzüge einer allgemeinen Theorie der linearen Integralrechnungen. (Zweite Mitteilung)},
    url = {http://eudml.org/doc/58582},
    year = {1904}
}

@article{
    Mercer1909,
    author = {James Mercer},
    url = {https://doi.org/10.1098/rsta.1909.0016},
    year = {1909},
    month = jan,
    publisher = {The Royal Society},
    volume = {209},
    number = {441-458},
    pages = {415--446},
    title = {{XVI}. Functions of positive and negative type,  and their connection the theory of integral equations},
    journal = {Philosophical Transactions of the Royal Society of London. Series A,  Containing Papers of a Mathematical or Physical Character}
}

@article{
    Aronszajn1950,
    doi = {10.1090/s0002-9947-1950-0051437-7},
    year = {1950},
    publisher = {American Mathematical Society ({AMS})},
    volume = {68},
    number = {3},
    pages = {337--404},
    author = {N. Aronszajn},
    title = {Theory of reproducing kernels},
    journal = {Transactions of the American Mathematical Society}
}

@incollection{
    Schölkopf2001,
    title = {A Generalized Representer Theorem},
    doi = {10.1007/3-540-44581-1_27},
    year = {2001},
    publisher = {Springer Berlin Heidelberg},
    pages = {416--426},
    author = {Bernhard Sch\"{o}lkopf and Ralf Herbrich and Alex J. Smola},
    booktitle = {Lecture Notes in Computer Science}
}

@inproceedings{
    Boser1992,
    doi = {10.1145/130385.130401},
    year = {1992},
    month = jul,
    publisher = {{ACM}},
    author = {Bernhard E. Boser and Isabelle M. Guyon and Vladimir N. Vapnik},
    title = {A training algorithm for optimal margin classifiers},
    booktitle = {Proceedings of the fifth annual workshop on Computational learning theory}
}

@article{
    Aizerman1964,
    title = {Theoretical foundations of the potential function method in pattern recognition learning},
    author = {M. A. Aizerman and E. M. Braverman and L. I. Rozonoer},
    url = {https://cs.uwaterloo.ca/~y328yu/classics/kernel.pdf},
    urldate = {2023-09-02},
    month = jun,
    year = {1964},
    journal = {Avtomatika i Telemekhanika},
    volume = {25},
    number = {6},
    pages = {917--936}
}

@inproceedings{
    RahimiRecht2007,
    author = {Ali Rahimi and Benjamin Recht},
    booktitle = {Advances in Neural Information Processing Systems},
    editor = {J. Platt and D. Koller and Y. Singer and S. Roweis},
    pages = {},
    publisher = {Curran Associates, Inc.},
    title = {Random Features for Large-Scale Kernel Machines},
    url = {https://people.eecs.berkeley.edu/~brecht/papers/07.rah.rec.nips.pdf},
    volume = {20},
    year = {2007}
}

@misc{
    WikimediaCommonsNeuron,
    author = {Dhp1080, SVG adaptation by Actam},
    title = {Derived Neuron schema with no labels.svg},
    howpublished = {Wikimedia Commons},
    date = {2008-06-29},
    urldate = {2023-09-01}
}

@article{
    McCulloch1943,
    doi = {10.1007/bf02478259},
    year = {1943},
    month = dec,
    publisher = {Springer Science and Business Media {LLC}},
    volume = {5},
    number = {4},
    pages = {115--133},
    author = {Warren S. McCulloch and Walter Pitts},
    title = {A logical calculus of the ideas immanent in nervous activity},
    journal = {The Bulletin of Mathematical Biophysics}
}

@report{
    Rosenblatt1957,
    author = {Frank Rosenblatt},
    title = {The Perceptron —-- a perceiving and recognizing automaton},
    institution = {Cornell Aeronautical Laboratory},
    year = {1957},
    url = {https://blogs.umass.edu/brain-wars/files/2016/03/rosenblatt-1957.pdf},
    urldate = {2023-08-28}
}

@article{
    Rumelhart1986,
    doi = {10.1038/323533a0},
    year = {1986},
    month = oct,
    publisher = {Springer Science and Business Media {LLC}},
    volume = {323},
    number = {6088},
    pages = {533--536},
    author = {David E. Rumelhart and Geoffrey E. Hinton and Ronald J. Williams},
    title = {Learning representations by back-propagating errors},
    journal = {Nature}
}

@article{
    Monge1781,
    author = {Gaspard Monge},
    title = {Mémoire sur la théorie des déblais et des remblais},
    journal = {Histoire de l’Académie Royale des Sciences de Paris, avec les Mémoires de Mathématique et de Physique pour la même année},
    pages = {666-704},
    year = {1781}
}

@book{
    Villani2009,
    doi = {10.1007/978-3-540-71050-9},
    year = {2009},
    publisher = {Springer Berlin Heidelberg},
    author = {C{\'{e}}dric Villani},
    title = {Optimal Transport}
}

@article{Prokhorov1956,
    title = {Convergence of Random Processes and Limit Theorems in Probability Theory},
    author = {Yu. V. Prokhorov},
    doi = {10.1137/1101016},
    year = {1956},
    month = jan,
    publisher = {Society for Industrial {\&} Applied Mathematics ({SIAM})},
    volume = {1},
    number = {2},
    pages = {157--214},
    journal = {Theory of Probability {\&}amp$\mathsemicolon$ Its Applications}
}

@article{
    Panaretos2019,
    doi = {10.1146/annurev-statistics-030718-104938},
    year = {2019},
    month = mar,
    publisher = {Annual Reviews},
    volume = {6},
    number = {1},
    pages = {405--431},
    author = {Victor M. Panaretos and Yoav Zemel},
    title = {Statistical Aspects of Wasserstein Distances},
    journal = {Annual Review of Statistics and Its Application}
}

@InProceedings{
    Arjovsky2017,
    title = {Wasserstein Generative Adversarial Networks},
    author = {Martin Arjovsky and Soumith Chintala and L{\'e}on Bottou},
    booktitle = {Proceedings of the 34th International Conference on Machine Learning},
    pages = {214--223},
    year = {2017},
    editor = {Doina Precup and Yee Whye Teh},
    volume = {70},
    series = {Proceedings of Machine Learning Research},
    month = aug,
    publisher = {PMLR},
    url = 	 {https://proceedings.mlr.press/v70/arjovsky17a.html}
}

@inproceedings{
    Cuturi2013,
    author = {Marco Cuturi},
    title = {Sinkhorn Distances: Lightspeed Computation of Optimal Transport},
    year = {2013},
    publisher = {Curran Associates Inc.},
    address = {Red Hook, NY, USA},
    booktitle = {Proceedings of the 26th International Conference on Neural Information Processing Systems - Volume 2},
    pages = {2292–2300},
    numpages = {9},
    location = {Lake Tahoe, Nevada},
    series = {NIPS'13}
}

@incollection{
    Rao1945,
    url = {https://doi.org/10.1007/978-1-4612-0919-5_16},
    year = {1992},
    publisher = {Springer New York},
    pages = {235--247},
    author = {C. Radhakrishna Rao},
    title = {Information and the Accuracy Attainable in the Estimation of Statistical Parameters},
    booktitle = {Springer Series in Statistics}
}

@book{
    Rossi2018,
    title = {Mathematical Statistics: An Introduction to Likelihood Based Inference},
    author = {Richard J. Rossi},
    publisher = {Wiley},
    isbn = {978-1-118-77104-4},
    month = dec,
    year = {2018}
}

@book{
    Amari2016,
    doi = {10.1007/978-4-431-55978-8},
    year = {2016},
    publisher = {Springer Japan},
    author = {Shun-ichi Amari},
    title = {Information Geometry and Its Applications}
}

@article{
    Amari1998,
    url = {https://doi.org/10.1162/089976698300017746},
    year = {1998},
    month = feb,
    publisher = {{MIT} Press - Journals},
    volume = {10},
    number = {2},
    pages = {251--276},
    author = {Shun-ichi Amari},
    title = {Natural Gradient Works Efficiently in Learning},
    journal = {Neural Computation}
}

@inproceedings{
    Kakade2001,
    author = {Sham M. Kakade},
    booktitle = {Advances in Neural Information Processing Systems},
    editor = {T. Dietterich and S. Becker and Z. Ghahramani},
    pages = {},
    publisher = {MIT Press},
    title = {A Natural Policy Gradient},
    url = {https://proceedings.neurips.cc/paper_files/paper/2001/file/4b86abe48d358ecf194c56c69108433e-Paper.pdf},
    urldate = {2023-07-15},
    volume = {14},
    year = {2001}
}

@book{
    Axler2014,
    title = {Linear Algebra Done Right},
    author = {Sheldon Axler},
    doi = {10.1007/978-3-319-11080-6},
    year = {2014},
    month = nov,
    publisher = {Springer International Publishing}
}

@online{
    3Blue1Brown_EssenceOfLinearAlgebra,
    title = {Essence of Linear Algebra playlist},
    year = 2016,
    organization = {YouTube},
    author = {Grant Sanderson},
    url = {https://www.youtube.com/playlist?list=PLZHQObOWTQDPD3MizzM2xVFitgF8hE_ab},
}

@book{
    ReedSimon1972,
    doi = {10.1016/b978-0-12-585001-8.x5001-6},
    year = {1972},
    publisher = {Elsevier},
    isbn = {978-0-12-585001-8},
    title = {Methods of Modern Mathematical Physics}
}

@book{
    Tao2011,
    title = {An Introduction to Measure Theory},
    author = {Terence Tao},
    publisher = {American Mathematical Society},
    series = {Graduate Studies in Mathematics},
    volume = {126},
    month = sep,
    year = 2011,
    language  = "en",
    url = {https://bookstore.ams.org/gsm-126}
}

@online{
    BSoM_MeasureTheory,
    title = {Measure Theory playlist},
    year = 2019,
    organization = {YouTube},
    author = {Julian P. Grossman},
    url = {https://www.youtube.com/playlist?list=PLBh2i93oe2qvMVqAzsX1Kuv6-4fjazZ8j},
}

@book{
    Kolmogorov1933,
    title = {Foundations of the theory of probability},
    author = {A. N. Kolmogorov},
    editor = {Nathan Morrison},
    publisher = {Chelsea Publishing Company},
    location = {New York},
    url = {https://archive.org/details/foundationsofthe00kolm/mode/2up}
}

@book{
    DellacherieMeyer1978,
    title = {Probabilities and Potential},
    author = {Claude Dellacherie and Paul-André Meyer},
    series = {North-Holland Mathematics Studies},
    publisher = {North-Holland Publishing Company},
    isbn = {978-0-7204-0701-3},
    url = {https://www.sciencedirect.com/bookseries/north-holland-mathematics-studies/vol/29/suppl/C}
}

@article{
    Jensen1906,
    doi = {10.1007/bf02418571},
    year = {1906},
    publisher = {International Press of Boston},
    volume = {30},
    number = {0},
    pages = {175--193},
    author = {J. L. W. V. Jensen},
    title = {Sur les fonctions convexes et les in{\'{e}}galit{\'{e}}s entre les valeurs moyennes},
    journal = {Acta Mathematica}
}

@article{
    Hoeffding1963,
    title = {Probability Inequalities for Sums of Bounded Random Variables},
    author = {Wassily Hoeffding},
    doi = {10.1080/01621459.1963.10500830},
    year = {1963},
    month = mar,
    publisher = {Informa {UK} Limited},
    volume = {58},
    number = {301},
    pages = {13--30},
    journal = {Journal of the American Statistical Association}
}